@book{hopcroft,
author = {John E. Hopcroft and Jeffrey D. Ullman},
title = {Introduction to Automata Theory, Languages, and Computation},
publisher = {Addison-Wesley},
edition = {first},
year = {1979}}

@book{kozen,
author = {Dexter Kozen},
title = {Automata and Computability},
year = {1997},
publisher = {Springer}}

@book{sipser3,
author = {Michael Sipser},
title = {Introduction to the Theory of Computation},
year = {2012},
edition = {3},
publisher = {Cengage Learning}}

@book{papadimitriou,
author = {Christos Papadimitriou and Harry Lewis},
title = {Elements of the theory of computation},
year = {1998},
publisher = {Prentice-Hall}}
